
@book{hiller1959experimental,
  title={Experimental Music: Composition with an Electronic Computer},
  author={Hiller, L.A.J. and Isaacson, L.M.},
  lccn={58013874},
  url={http://books.google.com/books?id=fsy0AAAAIAAJ},
  year={1959},
  publisher={McGraw-Hill}
}

@article{Ebci̇oğlu1990145,
title = "An expert system for harmonizing chorales in the style of J.S. Bach ",
journal = "The Journal of Logic Programming ",
volume = "8",
number = "1 - 2",
pages = "145 - 185",
year = "1990",
note = "Special Issue: Logic Programming Applications ",
issn = "0743 - 1066",
doi = "http://dx.doi.org/10.1016/0743-1066(90)90055-A",
url = "http://www.sciencedirect.com/science/article/pii/074310669090055A",
author = "Kemal Ebcio\v{g}lu"
}

@incollection{NIPS1991_576,
title = {HARMONET: A Neural Net for Harmonizing Chorales in the Style of J. S. Bach},
author = {Hermann Hild and Johannes Feulner and Wolfram Menzel},
booktitle = {Advances in Neural Information Processing Systems 4},
editor = {J.E. Moody and S.J. Hanson and R.P. Lippmann},
pages = {267--274},
year = {1992},
publisher = {Morgan-Kaufmann},
url = {http://papers.nips.cc/paper/576-harmonet-a-neural-net-for-harmonizing-chorales-in-the-style-of-j-s-bach.pdf}
}


@article{tsang1991,
	title={Harmonizing music as a discipline of constraint logic programming},
	author={Tsang, C.P. and Aitken, M.},
	year={1991},
	publisher={ICMC}
}

@INPROCEEDINGS{Sabater98usingrules,
    author = {Jordi Sabater and J. L. Arcos and R. L\'{o}pez De M\'{a}ntaras},
    title = {Using Rules to support Case-Based Reasoning for harmonizing melodies},
    booktitle = {Multimodal Reasoning: Papers from the 1998 AAAI Spring Symposium (Technical Report, WS-98-04). Menlo Park, CA},
    year = {1998},
    pages = {147--151},
    publisher = {AAAI Press}
}


@Inproceedings {export:64277,
	author       = {Ian Simon and Dan Morris and Sumit Basu},
	booktitle    = {CHI 2008 Conference on Human Factors in Computing Systems},
	month        = {April},
	publisher    = {Association for Computing Machinery, Inc.},
	title        = {MySong: Automatic Accompaniment Generation for Vocal Melodies},
	url          = {http://research.microsoft.com/apps/pubs/default.aspx?id=64277},
	year         = {2008},
}

@INPROCEEDINGS{4959518, 
	author={Scholz, R. and Vincent, E. and Bimbot, F.}, 
	booktitle={Acoustics, Speech and Signal Processing, 2009. ICASSP 2009. IEEE International Conference on}, 
	title={Robust modeling of musical chord sequences using probabilistic N-grams}, 
	year={2009}, 
	month={April}, 
	pages={53-56}, 
	keywords={information retrieval;music;probability;smoothing methods;audio-to-symbolic music transcription;automatic style identification;computer-assisted composition;model smoothing techniques;musical chord sequences;polyphonic music retrieval;probabilistic N-grams;single chord labeling scheme;Dictionaries;Hidden Markov models;History;Labeling;Music information retrieval;Natural languages;Robustness;Smoothing methods;Testing;Training data;Music;N-grams;model selection;model smoothing;probabilistic modeling}, 
	doi={10.1109/ICASSP.2009.4959518}, 
	ISSN={1520-6149},
}

@article{doi:10.1080/09298215.2013.822000,
author = {Raczy\'{n}ski, Stanis\l aw A. and Fukayama, Satoru and Vincent, Emmanuel},
title = {Melody Harmonization With Interpolated Probabilistic Models},
journal = {Journal of New Music Research},
volume = {42},
number = {3},
pages = {223-235},
year = {2013},
doi = {10.1080/09298215.2013.822000},

URL = { 
        http://dx.doi.org/10.1080/09298215.2013.822000
    
},
eprint = { 
        http://dx.doi.org/10.1080/09298215.2013.822000
    
}

}

@article{UAMP,
	author = {Cerny, David and Suthar, Jiten and Geselowitz, Israel},
	title = {U-AMP: User Input Based Algorithmic Music Platform},
	year = {2014}
}
